@article{Bosch1989,
  title={The valuation effects of corporate name changes},
  author={Bosch, Jean-Claude and Hirschey, Mark},
  journal={Financial Management},
  pages={64--73},
  year={1989}
}
@article{Karpoff1994,
  title={In search of a signaling effect: The wealth effects of corporate name changes},
  author={Karpoff, Jonathan M and Rankine, Graeme},
  journal={Journal of Banking \& Finance},
  volume={18},
  number={6},
  pages={1027--1045},
  year={1994}
}
@article{Ewing1999,
  title={Stock snafu hits traders on Internet},
  author={Ewing, Terzah},
  year={1999},
  month={{April 1}},
  journal={The Wall Street Journal}
}
@article{Wingfield1999,
  title={It can become a pain to shift your name, even to Fatbrain.com},
  author={Wingfield, Nick},
  year={1999},
  month={{March 29}},
  journal={The Wall Street Journal}
}